<record><leader>00000cas a2200000 a 4500</leader><controlfield tag="001">32732649</controlfield><controlfield tag="008">950629d19701990nyuwr ne      0    0eng c</controlfield><datafield ind1=" " ind2=" " tag="010"><subfield code="a">sn 95071258 </subfield></datafield><datafield ind1=" " ind2=" " tag="040"><subfield code="a">NYS</subfield><subfield code="b">eng</subfield><subfield code="c">NYS</subfield><subfield code="d">OCLCQ</subfield><subfield code="d">OCLCF</subfield><subfield code="d">OCLCO</subfield></datafield><datafield ind1="1" ind2=" " tag="029"><subfield code="a">AU@</subfield><subfield code="b">000011923131</subfield></datafield><datafield ind1=" " ind2=" " tag="042"><subfield code="a">pcc</subfield></datafield><datafield ind1=" " ind2=" " tag="043"><subfield code="a">n-us-ny</subfield></datafield><datafield ind1="0" ind2=" " tag="130"><subfield code="a">Long Island news (Coram, N.Y.)</subfield></datafield><datafield ind1="1" ind2="0" tag="245"><subfield code="a">Long Island news.</subfield></datafield><datafield ind1=" " ind2=" " tag="260"><subfield code="a">Coram, N.Y. :</subfield><subfield code="b">Linews Pub. Corp.,</subfield><subfield code="c">1970-</subfield></datafield><datafield ind1=" " ind2=" " tag="300"><subfield code="a">v.</subfield></datafield><datafield ind1=" " ind2=" " tag="310"><subfield code="a">Weekly</subfield></datafield><datafield ind1="0" ind2=" " tag="362"><subfield code="a">Vol. 1, no. 1 (June 24, 1970)-</subfield></datafield><datafield ind1="1" ind2=" " tag="362"><subfield code="a">Ceased with the Feb. 1, 1990 issue?</subfield></datafield><datafield ind1=" " ind2=" " tag="500"><subfield code="a">"Serving Brookhaven township Sea to Sound," &lt;1975&gt;.</subfield></datafield><datafield ind1=" " ind2=" " tag="500"><subfield code="a">Publishers: Linews Pub. Corp, 1970-1975; LI News Pub. Corp., 1975-&lt;1979&gt;, The News Pub. Corp., &lt;1980&gt;-1982; John T. Tuthill, III, Apr. 1, 1982- ; Long Island News Pub. Corp., &lt;1983&gt;-</subfield></datafield><datafield ind1=" " ind2=" " tag="500"><subfield code="a">Published at: Coram, N.Y., 1970-&lt;1975&gt;; Patchogue, &lt;1982-1989&gt;.</subfield></datafield><datafield ind1=" " ind2=" " tag="580"><subfield code="a">Published in geographical editions: Long Island news north, &lt;1978-1979&gt;; Long Island news south, &lt;1978&gt;; Long Island news east, &lt;1977&gt;; Long Island news west, 1976-&lt;1979&gt;.</subfield></datafield><datafield ind1=" " ind2="0" tag="651"><subfield code="a">Coram (N.Y.)</subfield><subfield code="v">Newspapers.</subfield></datafield><datafield ind1=" " ind2="0" tag="651"><subfield code="a">Patchogue (N.Y.)</subfield><subfield code="v">Newspapers.</subfield></datafield><datafield ind1=" " ind2="0" tag="651"><subfield code="a">Brookhaven (N.Y. : Town)</subfield><subfield code="v">Newspapers.</subfield></datafield><datafield ind1=" " ind2="0" tag="651"><subfield code="a">Suffolk County (N.Y.)</subfield><subfield code="v">Newspapers.</subfield></datafield><datafield ind1=" " ind2="7" tag="655"><subfield code="a">Newspapers.</subfield><subfield code="2">fast</subfield><subfield code="0">(OCoLC)fst01423814</subfield></datafield><datafield ind1=" " ind2="7" tag="651"><subfield code="a">New York (State)</subfield><subfield code="z">Brookhaven (Town)</subfield><subfield code="2">fast</subfield><subfield code="0">(OCoLC)fst01333178</subfield></datafield><datafield ind1=" " ind2="7" tag="651"><subfield code="a">New York (State)</subfield><subfield code="z">Coram.</subfield><subfield code="2">fast</subfield><subfield code="0">(OCoLC)fst01260840</subfield></datafield><datafield ind1=" " ind2="7" tag="651"><subfield code="a">New York (State)</subfield><subfield code="z">Patchogue.</subfield><subfield code="2">fast</subfield><subfield code="0">(OCoLC)fst01221273</subfield></datafield><datafield ind1=" " ind2="7" tag="651"><subfield code="a">New York (State)</subfield><subfield code="z">Suffolk County.</subfield><subfield code="2">fast</subfield><subfield code="0">(OCoLC)fst01207260</subfield></datafield><datafield ind1=" " ind2=" " tag="752"><subfield code="a">United States</subfield><subfield code="b">New York</subfield><subfield code="c">Suffolk</subfield><subfield code="d">Patchogue.</subfield></datafield><datafield ind1=" " ind2=" " tag="752"><subfield code="a">United States</subfield><subfield code="b">New York</subfield><subfield code="c">Suffolk</subfield><subfield code="d">Coram.</subfield></datafield><datafield ind1="1" ind2=" " tag="775"><subfield code="t">Long Island news west</subfield><subfield code="g">1976-&lt;1979&gt;</subfield><subfield code="w">(DLC)sn 98067557</subfield><subfield code="w">(OCoLC)3897947</subfield></datafield><datafield ind1="0" ind2="4" tag="785"><subfield code="t">Long Island advance</subfield><subfield code="w">(DLC)sn 95071025</subfield><subfield code="w">(OCoLC)31190082</subfield></datafield></record>